@article{swinehart1962beer,
  title={The beer-lambert law},
  author={Swinehart, Donald F},
  journal={Journal of chemical education},
  volume={39},
  number={7},
  pages={333},
  year={1962},
  publisher={ACS Publications}
}
@article{kruger2009bradford,
  title={The Bradford method for protein quantitation},
  author={Kruger, Nicholas J},
  journal={The protein protocols handbook},
  pages={17--24},
  year={2009},
  publisher={Springer}
}
@article{bernfeld1955methods,
  title={Methods in enzymology},
  author={Bernfeld, Peter and Colowick, SP},
  journal={by SP Colowick and NO Kaplan, Academic Press Inc., New York},
  pages={149},
  year={1955}
}